<record><leader>00000cas a22000007a 4500</leader><controlfield tag="001">14279902</controlfield><controlfield tag="008">860929c19649999aluwr ne      0   a0eng c</controlfield><controlfield tag="009">2720</controlfield><datafield ind1=" " ind2=" " tag="010"><subfield code="a">sn 86050365 </subfield></datafield><datafield ind1=" " ind2=" " tag="040"><subfield code="a">AAR</subfield><subfield code="b">eng</subfield><subfield code="c">AAR</subfield><subfield code="d">CPN</subfield><subfield code="d">NSD</subfield><subfield code="d">OCLCQ</subfield><subfield code="d">DLC</subfield></datafield><datafield ind1=" " ind2=" " tag="012"><subfield code="l">1</subfield></datafield><datafield ind1="0" ind2=" " tag="022"><subfield code="a">1536-1640</subfield><subfield code="l">1536-1640</subfield><subfield code="2">1</subfield></datafield><datafield ind1="1" ind2=" " tag="029"><subfield code="a">AU@</subfield><subfield code="b">000020423180</subfield></datafield><datafield ind1=" " ind2=" " tag="042"><subfield code="a">nsdp</subfield><subfield code="a">msc</subfield></datafield><datafield ind1="1" ind2="0" tag="082"><subfield code="a">070</subfield><subfield code="2">13</subfield></datafield><datafield ind1="0" ind2=" " tag="130"><subfield code="a">Montgomery independent (Montgomery, Ala.)</subfield></datafield><datafield ind1="0" ind2=" " tag="210"><subfield code="a">Montgomery indep.</subfield><subfield code="b">(Montgomery Ala.)</subfield></datafield><datafield ind1=" " ind2="4" tag="222"><subfield code="a">The Montgomery independent</subfield><subfield code="b">(Montgomery, Ala.)</subfield></datafield><datafield ind1="0" ind2="4" tag="245"><subfield code="a">The Montgomery independent.</subfield></datafield><datafield ind1=" " ind2=" " tag="260"><subfield code="3">1964-&lt;1996&gt;</subfield><subfield code="a">Montgomery, Ala. :</subfield><subfield code="b">Robert W. Plowden,</subfield><subfield code="c">1964-</subfield></datafield><datafield ind1="2" ind2=" " tag="260"><subfield code="3">&lt;1996&gt;-Mar. 13, 1997</subfield><subfield code="a">[ Montgomery, AL :</subfield><subfield code="b">Tom Johnson]</subfield></datafield><datafield ind1="3" ind2=" " tag="260"><subfield code="3">Mar. 20, 1997-</subfield><subfield code="a">Montgomery, AL :</subfield><subfield code="b">RAM Publications, Inc.</subfield></datafield><datafield ind1=" " ind2=" " tag="300"><subfield code="a">v. :</subfield><subfield code="b">ill. ;</subfield><subfield code="c">53 cm.</subfield></datafield><datafield ind1=" " ind2=" " tag="310"><subfield code="a">Weekly</subfield></datafield><datafield ind1="0" ind2=" " tag="362"><subfield code="a">Vol. 1, no. 1 (Feb. 11, 1964)-</subfield></datafield><datafield ind1=" " ind2=" " tag="588"><subfield code="a">Latest issue consulted: Vol. 48, no. 8 (Feb. 24, 2011) (surrogate)</subfield></datafield><datafield ind1="1" ind2=" " tag="700"><subfield code="a">Plowden, Robert  W.</subfield></datafield><datafield ind1="1" ind2=" " tag="700"><subfield code="a">Johnson, Tom.</subfield></datafield><datafield ind1=" " ind2=" " tag="752"><subfield code="a">United States</subfield><subfield code="b">Alabama</subfield><subfield code="c">Montgomery</subfield><subfield code="d">Montgomery.</subfield></datafield></record>